@String{ai       = {Artificial Intelligence}}
@String{dc       = {Distributed Computing}} 
@String{entcs    = {ENTCS}}
@String{facs     = {Formal Aspects of Computing}}
@String{ic       = {Information and Computation}} 
@String{jfocs    = {International Journal of Foundations of Computer Science}} 
@String{jlc      = {Journal of Logic and Computation}}
@String{jlp      = {Journal of Logic Programming}}
@String{jpl      = {Journal of Philosophical Logic}}
@String{jsl      = {The Journal of Symbolic Logic}}
@String{lnai     = {LNAI}}
@String{lncs     = {LNCS}}
@String{ndjfl    = {Notre Dame Journal of Formal Logic}}
@String{tams     = {Transactions af the AMS}}
@String{toplas   = {ACM Transactions on Programming Languages and Systems}}
@String{springer = {Springer-Verlag}}


@Unpublished{Engelhardt2013,
  author =       {Kai Engelhardt},
  title =        {Proving Response Properties of Event-B Machines},
  note =         {Lecture notes for COMP2111, accessed at 2013/11/12,
                  \url{http://www.cse.unsw.edu.au/~cs2111/13s1/lec/note09.pdf}},
  month =        may,
  year =         2013
}

@InCollection{MannaPnueli1991:szym,
  author = 	 "Zohar Manna and Amir Pnueli",
  title = 	 "Tools and Rules for the Practicing Verifier",
  booktitle = 	 "Computer Science: A 25th Anniversary Commemorative",
  publisher =	 {{ACM} Press and Addison-Wesley Publishing Co.},
  pages =        {121--156},
  year =	 1991,
  editor =	 {Richard F. Rashid}
}

@InProceedings{HoangAbrial:ICFEM2011,
  author =       {Thai Son Hoang and Jean-Raymond Abrial},
  title =        {Reasoning about Liveness Properties in {Event-B}},
  booktitle =    {Formal Methods and Software Engineering - 13th
                  International Conference on Formal Engineering
                  Methods, ICFEM 2011, Durham, UK, October 26-28,
                  2011. Proceedings},
  editor =       {Shengchao Qin and Zongyan Qiu},
  pages =        {456-471},
  volume =       6991,
  series =       lncs,
  publisher =    springer,
  year =         2011
}

@Book{MannaPnueli92,
  author =       "Zohar Manna and Amir Pnueli",
  title =        "The Temporal Logic of Reactive and Concurrent
                  Systems: Specification",
  publisher =    springer,
  year =         1992
}

@inproceedings{MannaPnueli:REX1988,
  author =       {Zohar Manna and Amir Pnueli},
  title =        {The anchored version of the temporal framework},
  booktitle =    {Linear Time, Branching Time and Partial Order in
                  Logics and Models for Concurrency},
  editor =       {J. W. de Bakker and W.-P. de Roever and G.
                  Rozenberg},
  year =         1988,
  pages =        {201-284},
  publisher =    springer,
  series =       lncs,
  volume =       354,
  year =         1989
}
